@manual{aes-standard,
  organization = {{National Institute of Standards and Technology}},
  title        = {{Federal Information Processing Standards Publication 197 -- Advanced Encryption Standard (AES)}},
  year         = {{26.11.2001}}
}

@manual{cbc-standard,
  organization = {{National Institute of Standards and Technology}},
  title        = {{NIST Special Publication 800-38A -- Recommendation for Block Cipher Modes of Operation, Methods and Techniques}},
  year         = {{Grudzień 2001}}
}

@manual{padding-rfc,
  organization = {{Request for Comments 2315}},
  title        = {{PKCS \#7: Cryptographic Message Syntax, Version 1.5}},
  year         = {{Marzec 1998}}
}

@manual{altera-vol3,
  organization = {{Altera Corporation}},
  title        = {{Cyclone V Device Handbook Volume 3: Hard Processor System Technical Reference Manual}},
  note         = {{PDF focumentation for Terasic DE1-SOC board}}
}

@manual{altera-vol1,
  organization = {{Altera Corporation}},
  title        = {{Cyclone V Device Handbook Volume 1: Device Interfaces and Integration}},
  note         = {{PDF focumentation for Terasic DE1-SOC board}}
}


@misc{altera-metastability,
  author       = {{Altera Corporation}},
  title        = {{Understanding Metastability in FPGAs}},
  howpublished = {\url{https://www.altera.com/content/dam/altera-www/global/en_US/pdfs/literature/wp/wp-01082-quartus-ii-metastability.pdf}}
}

@misc{rocketboards-preloader-uboot,
  author       = {{RocketBoards Website}},
  title        = {{Preloader and U-Boot Customization}},
  howpublished = {\url{https://rocketboards.org/foswiki/view/Documentation/PreloaderUbootCustomization131}},
  year         = {aktualizacja 26.06.2014 [dostęp 05.11.2016]}
}

@misc{rocketboards-booting-prebuild,
  author       = {{RocketBoards Website}},
  title        = {{Booting Linux Using Prebuilt SD Card Image}},
  howpublished = {\url{https://rocketboards.org/foswiki/view/Documentation/GSRD131BootLinuxSd}},
  year         = {aktualizacja 28.05.2015 [dostęp 05.11.2016]}
}

@misc{rocketboards-updating-sd,
  author       = {{RocketBoards Website}},
  title        = {{Updating Individual Elements on the SD card}},
  howpublished = {\url{https://rocketboards.org/foswiki/view/Documentation/GSRD131SdCard#Updating_Individual_Elements_on_the_SD_card}},
  year         = {aktualizacja 28.11.2014 [dostęp 05.11.2016]}
}

@misc{rocketboards-uboot-script,
  author       = {{RocketBoards Website}},
  title        = {{Programming FPGA from HPS}},
  howpublished = {\url{https://rocketboards.org/foswiki/view/Documentation/GSRD131ProgrammingFPGA}},
  year         = {aktualizacja 28.04.2016 [dostęp 06.11.2016]}
}

@misc{rocketboards-preloader,
  author       = {{RocketBoards Website}},
  title        = {{Generating and Compiling the Preloader}},
  howpublished = {\url{https://rocketboards.org/foswiki/view/Documentation/GSRD131Preloader}},
  year         = {aktualizacja 26.04.2014 [dostęp 06.11.2016]}
}

@misc{rocketboards-sof-to-rfb,
  author       = {{RocketBoards Website}},
  title        = {{Converting .sof to .rbf}},
  howpublished = {\url{https://rocketboards.org/foswiki/view/Documentation/GSRD131CompileHardwareDesign#Converting_.sof_to_.rbf}},
  year         = {aktualizacja 21.07.2015 [dostęp 06.11.2016]}
}

@misc{altera-youtube-loanerio,
  author       = {{Altera YouTube Channel}},
  title        = {{Using HPS Loaner I/O in Cyclone V and Arria V SoCs}},
  howpublished = {\url{https://www.youtube.com/watch?v=cRwzmsJ1Jkg}},
  year         = {12.08.2014 [dostęp 06.11.2016]},
  note         = {Film instruktażowy}
}

@misc{altera-forum-fgga-hps-access,
  author       = {{Altera Forum}},
  title        = {{How to let FPGA get access to HPS pins}},
  howpublished = {\url{http://www.alteraforum.com/forum/showthread.php?t=44486}},
  year         = {dostęp 06.11.2016},
  note         = {Wątek na forum}
}

@misc{altera-forum-cant-rx,
  author       = {{Altera Forum}},
  title        = {{Cyclone V HPS UART, can't rx data}},
  howpublished = {\url{http://www.alteraforum.com/forum/showthread.php?t=50470}},
  year         = {dostęp 06.11.2016},
  note         = {Wątek na forum}
}

@misc{2ff-synchronization,
  author       = {Tejas Dave, Amit Jain, Divyanshu Jain},
  title        = {{Synchronizer techniques for multi-clock domain SoCs \& FPGAs}},
  howpublished = {\url{http://www.edn.com/electronics-blogs/day-in-the-life-of-a-chip-designer/4435339/Synchronizer-techniques-for-multi-clock-domain-SoCs}},
  year         = {aktualizacja 30.09.2014 [dostęp 06.11.2016]}
}

@misc{crc,
  title        = {{Cyclic redundancy check}},
  howpublished = {\url{https://en.wikipedia.org/wiki/Cyclic_redundancy_check}},
  year         = {dostęp 19.11.2016}
}

@misc{aes-processors,
  title        = {{AES instruction set}},
  howpublished = {\url{https://en.wikipedia.org/wiki/AES_instruction_set}},
  year         = {dostęp 05.12.2016}
}

@misc{terasic-cd,
  title        = {{DE1-SoC CD-ROM (rev.F Board)}},
  howpublished = {\url{http://www.terasic.com/downloads/cd-rom/de1-soc/DE1-SoC_v.5.1.1_HWrevF_SystemCD.zip}},
  year         = {dostęp 10.12.2016},
  note         = {{Płyta CD dołączona do płytki Terasic DE1-SoC}}
}

@misc{terasic-sd,
  title        = {{DE1-SoC MicroSD Card Image (Linux Console)}},
  howpublished = {\url{http://www.terasic.com/downloads/cd-rom/de1-soc/linux_BSP/DE1_SoC_SD.zip}},
  year         = {dostęp 10.12.2016},
  note         = {{Obraz karty SD z systemem Linux dołączony do płytki Terasic DE1-SoC}}
}

@misc{multiply-algo,
  title        = {{Mnożenie wielomianów w ciele skończonym Rijndael'a}},
  howpublished = {\url{https://en.wikipedia.org/wiki/Finite_field_arithmetic#Rijndael.27s_finite_field}},
  year         = {dostęp 10.12.2016}
}

@misc{openssl,
  title        = {{OpenSSL}},
  howpublished = {\url{https://www.openssl.org}}
}

@misc{saleae-fpga,
  author       = {{Saleae Logic}},
  title        = {{Craftsmanship}},
  howpublished = {\url{https://www.saleae.com/hardwaretile}},
  year         = {dostęp 15.12.2016}
}

@misc{netezza-fpga,
  author       = {{IBM Knowledge Center}},
  title        = {{Netezza hardware components}},
  howpublished = {\url{http://www.ibm.com/support/knowledgecenter/SSULQD_7.2.1/com.ibm.nz.adm.doc/r_sysadm_nz_hardware_components.html}},
  year         = {dostęp 15.12.2016}
}

@misc{nasa-fpga,
  author       = {{Dr. Douglas Sheldon}},
  title        = {{FPGA - Overview of JPL Efforts under NEPP}},
  howpublished = {\url{https://nepp.nasa.gov/workshops/etw2011/submissions/talks/Tuesday/0930%20-%20FPGA%20-%20Overview%20of%20JPL%20Efforts%20under%20NEPP.pdf}},
  year         = {dostęp 15.12.2016}
}

@misc{cbc-comparison,
  title        = {{Electronic Codebook (ECB)}},
  howpublished = {\url{https://en.wikipedia.org/wiki/Block_cipher_mode_of_operation#Electronic_Codebook_.28ECB.29}},
  year         = {dostęp 17.12.2016}
}

@misc{cbc,
  title        = {{Cipher Block Chaining (CBC)}},
  howpublished = {\url{https://en.wikipedia.org/wiki/Block_cipher_mode_of_operation#Cipher_Block_Chaining_.28CBC.29}},
  year         = {dostęp 17.12.2016}
}

@misc{laptop,
  title        = {{Zdjęcie laptopa Dell XPS 13}},
  howpublished = {\url{http://blog.rentourlaptops.com/wp-content/uploads/2012/11/Dell-XPS-13-Ubuntu-Linux-Ultrabook.jpg}},
  year         = {dostęp 30.12.2016}
}

@misc{plytka,
  title        = {{Płytka Terasic DE1-SOC}},
  howpublished = {\url{http://www.terasic.com.tw/cgi-bin/page/archive.pl?Language=English&No=836}},
  year         = {dostęp 30.12.2016}
}


@misc{szyfr-cezara,
  title        = {{Szyfr Cezara}},
  howpublished = {\url{https://pl.wikipedia.org/wiki/Szyfr_Cezara}},
  year         = {dostęp 30.12.2016}
}

@misc{szyfr-enigmy,
  title        = {{Enigma}},
  howpublished = {\url{https://pl.wikipedia.org/wiki/Enigma}},
  year         = {dostęp 30.12.2016}
}



%%%%%%%%%%%%%%%%%%%%%%%%%%%%%%%%%%%%%%%%%%%%%%%%%%%%%%%%%%%%%%%%%%%%

@article{vlsi,
  title={High-speed VLSI architectures for the AES algorithm},
  author={Zhang, Xinmiao and Parhi, Keshab K},
  journal={IEEE transactions on very large scale integration (VLSI) systems},
  volume={12},
  number={9},
  pages={957--967},
  year={2004},
  publisher={IEEE}
}

@article{practical-sub-bytes,
author  = {{Mui, Edwin NC, R. Custom, and D. Engineer}},
title   = {{Practical implementation of Rijndael S-box using Combinational logic}},
journal = {{Custom R\&D Engineer Texco Enterprise Pvt. Ltd}},
year    = {{2007}}
}

@book{kilts2007advanced,
  title={Advanced FPGA design: architecture, implementation, and optimization},
  author={Kilts, Steve},
  year={2007},
  publisher={John Wiley \& Sons}
}

@article{inzynierka,
author  = {Wojciech Pachuta},
title   = {{Hardware implementation of AES encryption algorithm on FPGA platform.}},
journal = {{BSc thesis, AGH University of Science and Technology}},
year    = {2017}
}

@inproceedings{good2005aes,
  title={{AES on FPGA from the fastest to the smallest}},
  author={Good, Tim and Benaissa, Mohammed},
  booktitle={International Workshop on Cryptographic Hardware and Embedded Systems},
  pages={427--440},
  year={2005},
  organization={Springer}
}

@article{elbirt2001fpga,
  title={{An FPGA-based performance evaluation of the AES block cipher candidate algorithm finalists}},
  author={Elbirt, Adam J and Yip, Wei and Chetwynd, Brendon and Paar, Christof},
  journal={IEEE Transactions on Very Large Scale Integration (VLSI) Systems},
  volume={9},
  number={4},
  pages={545--557},
  year={2001},
  publisher={IEEE}
}

@inproceedings{daemen1998block,
  title={{The block cipher Rijndael}},
  author={Daemen, Joan and Rijmen, Vincent},
  booktitle={International Conference on Smart Card Research and Advanced Applications},
  pages={236--245},
  year={1998},
  organization={Springer}
}

@inproceedings{hoang2012efficient,
  title={{An efficient FPGA implementation of the Advanced Encryption Standard algorithm}},
  author={Hoang, Trang and others},
  booktitle={Computing and Communication Technologies, Research, Innovation, and Vision for the Future (RIVF), 2012 IEEE RIVF International Conference on},
  pages={1--4},
  year={2012},
  organization={IEEE}
}

@article{kuon2007measuring,
  title={{Measuring the gap between FPGAs and ASICs}},
  author={Kuon, Ian and Rose, Jonathan},
  journal={IEEE Transactions on computer-aided design of integrated circuits and systems},
  volume={26},
  number={2},
  pages={203--215},
  year={2007},
  publisher={IEEE}
}

@incollection{gaj2009fpga,
  title={{FPGA and ASIC implementations of AES}},
  author={Gaj, Kris and Chodowiec, Pawel},
  booktitle={Cryptographic engineering},
  pages={235--294},
  year={2009},
  publisher={Springer}
}

@inproceedings{pramstaller2004efficient,
  title={{Efficient AES implementations on ASICs and FPGAs}},
  author={Pramstaller, Norbert and Mangard, Stefan and Dominikus, Sandra and Wolkerstorfer, Johannes},
  booktitle={International Conference on Advanced Encryption Standard},
  pages={98--112},
  year={2004},
  organization={Springer}
}

@article{daemen1999aes,
  title={{AES proposal: Rijndael}},
  author={Daemen, Joan and Rijmen, Vincent},
  year={1999}
}

@inproceedings{standaert2003efficient,
  title={{Efficient implementation of Rijndael encryption in reconfigurable hardware: Improvements and design tradeoffs}},
  author={Standaert, Francois-Xavier and Rouvroy, Gael and Quisquater, Jean-Jacques and Legat, Jean-Didier},
  booktitle={International Workshop on Cryptographic Hardware and Embedded Systems},
  pages={334--350},
  year={2003},
  organization={Springer}
}

@article{wong2018circuit,
  title={{Circuit and System Design for Optimal Lightweight AES Encryption on FPGA.}},
  author={Wong, Ming Ming and Wong, ML and Zhang, Cishen and Hijazin, Ismat},
  journal={IAENG International Journal of Computer Science},
  volume={45},
  number={1},
  year={2018}
}


@inproceedings{morioka2002optimized,
  title={An optimized S-Box circuit architecture for low power AES design},
  author={Morioka, Sumio and Satoh, Akashi},
  booktitle={International Workshop on Cryptographic Hardware and Embedded Systems},
  pages={172--186},
  year={2002},
  organization={Springer}
}

@inproceedings{rudra2001efficient,
  title={Efficient Rijndael encryption implementation with composite field arithmetic},
  author={Rudra, Atri and Dubey, Pradeep K and Jutla, Charanjit S and Kumar, Vijay and Rao, Josyula R and Rohatgi, Pankaj},
  booktitle={International Workshop on Cryptographic Hardware and Embedded Systems},
  pages={171--184},
  year={2001},
  organization={Springer}
}

@article{rijmen2000efficient,
  title={Efficient Implementation of the Rijndael S-box},
  author={Rijmen, Vincent},
  journal={Katholieke Universiteit Leuven, Dept. ESAT. Belgium},
  year={2000}
}

@inproceedings{canright2005very,
  title={A very compact S-box for AES},
  author={Canright, David},
  booktitle={International Workshop on Cryptographic Hardware and Embedded Systems},
  pages={441--455},
  year={2005},
  organization={Springer}
}


@inproceedings{satoh2001compact,
  title={A compact Rijndael hardware architecture with S-box optimization},
  author={Satoh, Akashi and Morioka, Sumio and Takano, Kohji and Munetoh, Seiji},
  booktitle={International Conference on the Theory and Application of Cryptology and Information Security},
  pages={239--254},
  year={2001},
  organization={Springer}
}



























@inproceedings{feldhofer2004strong,
  title={Strong authentication for RFID systems using the AES algorithm},
  author={Feldhofer, Martin and Dominikus, Sandra and Wolkerstorfer, Johannes},
  booktitle={International Workshop on Cryptographic Hardware and Embedded Systems},
  pages={357--370},
  year={2004},
  organization={Springer}
}